%%%%%%%%%%%%%%%%%%%%%% A %%%%%%%%%%%%%%%%%%%%%%

%%%%%%%%%%%%%%%%%%%%%% B %%%%%%%%%%%%%%%%%%%%%%

%%%%%%%%%%%%%%%%%%%%%% C %%%%%%%%%%%%%%%%%%%%%%

%%%%%%%%%%%%%%%%%%%%%% D %%%%%%%%%%%%%%%%%%%%%%

%%%%%%%%%%%%%%%%%%%%%% E %%%%%%%%%%%%%%%%%%%%%%

@BOOK{Eisenbud,
      AUTHOR      = {Eisenbud, David},
      TITLE       = {Commutative Algebra},
      PUBLISHER   = {Springer-Verlag},
      YEAR        = {1995},
      VOLUME      = {150},
      SERIES      = {Graduate Texts in Mathematics},
}

%%%%%%%%%%%%%%%%%%%%%% F %%%%%%%%%%%%%%%%%%%%%%

%%%%%%%%%%%%%%%%%%%%%% G %%%%%%%%%%%%%%%%%%%%%%

%%%%%%%%%%%%%%%%%%%%%% H %%%%%%%%%%%%%%%%%%%%%%

%%%%%%%%%%%%%%%%%%%%%% I %%%%%%%%%%%%%%%%%%%%%%

%%%%%%%%%%%%%%%%%%%%%% J %%%%%%%%%%%%%%%%%%%%%%

%%%%%%%%%%%%%%%%%%%%%% K %%%%%%%%%%%%%%%%%%%%%%

%%%%%%%%%%%%%%%%%%%%%% L %%%%%%%%%%%%%%%%%%%%%%

%%%%%%%%%%%%%%%%%%%%%% M %%%%%%%%%%%%%%%%%%%%%%

@BOOK{Maclane,
    AUTHOR = {Mac Lane, Saunders},
     TITLE = {Homology},
    SERIES = {Die Grundlehren der mathematischen Wissenschaften, Bd. 114},
 PUBLISHER = {Academic Press Inc.},
   ADDRESS = {Publishers, New York},
      YEAR = {1963},
     PAGES = {x+422},
}

@BOOK{MatCA,
	AUTHOR	= {Matsumura, Hideyuki},
	TITLE	= {Commutative Algebra},
	PUBLISHER = {W. A. Benjamin, Inc.},
	YEAR =  {1970},
}

%%%%%%%%%%%%%%%%%%%%%% N %%%%%%%%%%%%%%%%%%%%%%

%%%%%%%%%%%%%%%%%%%%%% O %%%%%%%%%%%%%%%%%%%%%%

%%%%%%%%%%%%%%%%%%%%%% P %%%%%%%%%%%%%%%%%%%%%%

%%%%%%%%%%%%%%%%%%%%%% Q %%%%%%%%%%%%%%%%%%%%%%

%%%%%%%%%%%%%%%%%%%%%% R %%%%%%%%%%%%%%%%%%%%%%

%%%%%%%%%%%%%%%%%%%%%% S %%%%%%%%%%%%%%%%%%%%%%

@ARTICLE{Schroeer,
    AUTHOR = {Schroeer, Stefan},
     TITLE = {Points in the fppf topology},
    EPRINT = {arXiv:1407.5446 [math.AG]},
      YEAR = {2014},
     PAGES = {24},
}

%%%%%%%%%%%%%%%%%%%%%% T %%%%%%%%%%%%%%%%%%%%%%

%%%%%%%%%%%%%%%%%%%%%% U %%%%%%%%%%%%%%%%%%%%%%

%%%%%%%%%%%%%%%%%%%%%% V %%%%%%%%%%%%%%%%%%%%%%

%%%%%%%%%%%%%%%%%%%%%% W %%%%%%%%%%%%%%%%%%%%%%

%%%%%%%%%%%%%%%%%%%%%% X %%%%%%%%%%%%%%%%%%%%%%

%%%%%%%%%%%%%%%%%%%%%% Y %%%%%%%%%%%%%%%%%%%%%%

%%%%%%%%%%%%%%%%%%%%%% Z %%%%%%%%%%%%%%%%%%%%%%
